
@misc{reitz_repository_2013,
	title = {Repository {Structure} and {Python}},
	url = {https://kennethreitz.org/essays/2013/01/27/repository-structure-and-python},
	abstract = {It's Important. 
 Just as Code Style, API Design, and Automation are essential for a healthy development cycle, Repository structure is a crucial part of your project's  architecture . 
 When a potential user or contributor lands on your repository's page, they seea few things: 
 
 Project Name 
 Pr},
	language = {en-US},
	urldate = {2022-11-22},
	journal = {Kenneth Reitz},
	author = {Reitz, Kenneth},
	month = jan,
	year = {2013},
	file = {Snapshot:C\:\\Users\\ChSnsMgt\\Zotero\\storage\\SYUPPKLW\\repository-structure-and-python.html:text/html},
}

@misc{rigoulet_python_2022,
	title = {The {Python} {Requirements} {File} and {How} to {Create} it},
	url = {https://learnpython.com/blog/python-requirements-file/},
	abstract = {Learn what a Python requirements.txt file is, how to create it, and how to maintain it with a list of required modules.},
	language = {en-us},
	urldate = {2022-12-22},
	journal = {LearnPython.com},
	author = {Rigoulet, Xavier},
	month = jan,
	year = {2022},
	file = {Snapshot:C\:\\Users\\ChSnsMgt\\Zotero\\storage\\3WX3JHDK\\2022 - The Python Requirements File and How to Create it.html:text/html},
}

@misc{gosset_accessing_2017,
	title = {Accessing {SQLite} {Databases} {Using} {Python} and {Pandas} – {Data} {Analysis} and {Visualization} in {Python} for {Ecologists}},
	url = {https://datacarpentry.org/python-ecology-lesson/09-working-with-sql/index.html},
	urldate = {2022-12-12},
	journal = {Data Carpentry Python Ecology lesson},
	author = {Gosset, John and Wright, April},
	month = apr,
	year = {2017},
}

@misc{mrpowers_creating_2020,
	title = {Creating a sqlite database from {CSVs} with {Python}},
	url = {https://mungingdata.com/sqlite/create-database-load-csv-python/},
	abstract = {This post shows how to create a sqlite database with Python and load CSV files into sqlite tables. It leverages Pandas to read the CSV files and load them into the database.},
	language = {en-US},
	urldate = {2022-12-08},
	journal = {MungingData},
	author = {{mrpowers}},
	month = sep,
	year = {2020},
	file = {Snapshot:C\:\\Users\\ChSnsMgt\\Zotero\\storage\\2EAI76H2\\2020 - Creating a sqlite database from CSVs with Python.html:text/html},
}

@misc{jesuisme_answer_2021,
	title = {Answer to "{Call} a python unittest from another script and export all the error messages"},
	url = {https://stackoverflow.com/a/67201474},
	urldate = {2022-12-07},
	journal = {Stack Overflow},
	author = {{Jesuisme}},
	month = apr,
	year = {2021},
	file = {Snapshot:C\:\\Users\\ChSnsMgt\\Zotero\\storage\\P5RKP2XX\\Jesuisme - 2021 - Answer to Call a python unittest from another scr.html:text/html},
}

@misc{henk_griffioen_how_2017,
	title = {How to {Start} a {Data} {Science} {Project} in {Python}},
	url = {https://godatadriven.com/blog/how-to-start-a-data-science-project-in-python/},
	abstract = {The follow-up on this blog is ‘Write less terrible code with Jupyter Notebook’. This article is featured in the free magazine “Data Science in Production – Download here Many blog posts show complicated machine learning methods and cutting edge technologies, putting Data Scientists around the world in a constant state of FOMO. But what are […]},
	urldate = {2022-12-01},
	journal = {GoDataDriven},
	author = {{Henk Griffioen}},
	month = mar,
	year = {2017},
	file = {Snapshot:C\:\\Users\\ChSnsMgt\\Zotero\\storage\\TH9ACU4B\\How to Start a Data Science Project in Python.html:text/html},
}

@misc{geer_practical_2019,
	title = {A {Practical} {Guide} to {Using} {Setup}.py},
	url = {https://godatadriven.com/blog/a-practical-guide-to-using-setup-py/},
	abstract = {Note: nowadays the use of setup.py is discouraged in favour of pyproject.toml together with setup.cfg. Find out how to use those here. When you are using python professionally it pays to set up your projects in a consistent manner. This helps your collaborators quickly understand the structure of a project, and makes it easier for […]},
	urldate = {2022-12-01},
	journal = {GoDataDriven},
	author = {Geer, Rogier van der},
	month = mar,
	year = {2019},
	file = {Snapshot:C\:\\Users\\ChSnsMgt\\Zotero\\storage\\3PXHVXII\\A Practical Guide to Using Setup.py.html:text/html},
}

@book{lampe_clean_2020,
	address = {Weinheim},
	series = {für {Dummies}},
	title = {Clean {Code} für {Dummies}},
	isbn = {978-3-527-71634-0},
	abstract = {Clean Code ist ein wichtiges Konzept, um Programme mit möglichst wenigen Fehlern zu entwickeln, die auch über lange Zeiten stabil weiterentwickelt werden können. Dieses Thema ist u.a. bereits von R.C. Martin: "Clean architecture" oder in der sehr humorvollen Darstellung von U. Post: "Besser coden" behandelt worden. Der Verfasser des Buchs hier arbeitet heraus, dass dieses Konzept hohes handwerkliches Geschick im Programmieren erfordert; aber er zeigt sehr gut die Vorteile bei der Weiterentwicklung der Software und der Anpassung an veränderte Einsatzbedingungen auf. Angesprochen werden Leser mit guten Kenntnissen in einer objektorientierten Programmiersprache. Das Buch ist didaktisch gut aufgebaut mit vielen Hinweisen zu Stolpersteinen und Hinweisen, wie man aus Fehlern lernen kann. Jedes Kapitel endet mit einer kurzen Zusammenfassung. Am Schluss des Buchs findet der Leser eine Liste von Webseiten, die den Inhalt des Buchs noch einmal vertiefen und ergänzen. (2)},
	language = {ger},
	publisher = {Wiley-VCH Verlag GmbH \& Co. KGaA},
	author = {Lampe, Jürgen},
	collaborator = {Schlich, Maud},
	year = {2020},
	file = {Table of Contents PDF:C\:\\Users\\ChSnsMgt\\Zotero\\storage\\KWKBIEWM\\Lampe - 2020 - Clean Code für Dummies.pdf:application/pdf},
}

@misc{leedham_answer_2020,
	title = {Answer to "{Sphinx} autodoc is not automatic enough"},
	url = {https://stackoverflow.com/a/62613202},
	urldate = {2023-01-11},
	journal = {Stack Overflow},
	author = {Leedham, James},
	month = jun,
	year = {2020},
	file = {Snapshot:C\:\\Users\\ChSnsMgt\\Zotero\\storage\\V7LLD84W\\62613202.html:text/html},
}

@misc{stevens-haas_importing_2021,
	title = {Importing a {CSV} file into a sqlite3 database table using {Python} - {Stack} {Overflow}},
	url = {https://stackoverflow.com/questions/2887878/importing-a-csv-file-into-a-sqlite3-database-table-using-python},
	urldate = {2023-01-12},
	journal = {Stack Overflow},
	author = {Stevens-Haas, Jake},
	month = jun,
	year = {2021},
	file = {Importing a CSV file into a sqlite3 database table using Python - Stack Overflow:C\:\\Users\\ChSnsMgt\\Zotero\\storage\\XYJGRG4S\\importing-a-csv-file-into-a-sqlite3-database-table-using-python.html:text/html},
}

@misc{numpydoc_v160_style_nodate,
	title = {Style guide — numpydoc v1.6.0rc1.dev0 {Manual}},
	url = {https://numpydoc.readthedocs.io/en/latest/format.html},
	urldate = {2023-01-12},
	author = {{numpydoc v1.6.0}},
	file = {Style guide — numpydoc v1.6.0rc1.dev0 Manual:C\:\\Users\\ChSnsMgt\\Zotero\\storage\\ZE343IRJ\\format.html:text/html},
}

@misc{python_software_foundation_csv_nodate-1,
	title = {csv — {CSV} {File} {Reading} and {Writing}},
	url = {https://docs.python.org/3/library/csv.html},
	abstract = {Source code: Lib/csv.py The so-called CSV (Comma Separated Values) format is the most common import and export format for spreadsheets and databases. CSV format was used for many years prior to att...},
	urldate = {2023-01-12},
	journal = {Python 3.11.1 documentation},
	author = {{Python Software Foundation}},
	file = {Snapshot:C\:\\Users\\ChSnsMgt\\Zotero\\storage\\FS7SLH96\\csv.html:text/html},
}

@book{croitoru_programmieren_2022,
	address = {Erfurt},
	title = {Programmieren mit {Python}},
	shorttitle = {{DLMDWPMP01}},
	language = {de},
	publisher = {IU Internationale Hochschule GmbH},
	author = {Croitoru, Prof. Dr. Cosmina},
	month = sep,
	year = {2022},
	file = {20220903_DLMDWPMP01_Skript.pdf:D\:\\Dokumente\\IU_DataScience\\Studienorganisation\\2.Semester\\DLMDWPMP01\\Moduldateien\\20220903_DLMDWPMP01_Skript.pdf:application/pdf},
}

@book{kofler_python_2022,
	address = {Bonn},
	edition = {2., aktualisierte Auflage},
	title = {Python: der {Grundkurs}},
	isbn = {978-3-8362-8513-1},
	shorttitle = {Python},
	language = {ger},
	publisher = {Rheinwerk Computing},
	author = {Kofler, Michael},
	year = {2022},
}
